<?xml version="1.0" encoding="UTF-8"?><collection xmlns="http://www.loc.gov/MARC21/slim"><record><leader>00354nam--2200133-i-4500</leader><controlfield tag="001">000045496</controlfield><controlfield tag="002">20161230</controlfield><controlfield tag="005">20161230201045</controlfield><controlfield tag="008">060222s1000------------r-----000-0-eng-d</controlfield><datafield ind1=" " ind2=" " tag="080"><subfield code="a">621.375.82(061.3)</subfield></datafield><datafield ind1=" " ind2=" " tag="245"><subfield code="a">Trends in quantum electronics</subfield></datafield><datafield ind1=" " ind2=" " tag="260"><subfield code="a">Bucharest, Central Inst.Of Physics, 1986, 559p</subfield></datafield><datafield ind1=" " ind2=" " tag="700"><subfield code="a">Prokhotov,A.M.Andursu,I</subfield></datafield><datafield ind1=" " ind2=" " tag="852"><subfield code="a">73715</subfield></datafield></record></collection>